% This file was created with JabRef 2.9.2.
% Encoding: UTF8

@INPROCEEDINGS{Freivalds2012,
  author = {Rūsiņš Freivalds},
  editor = {Andrei Voronkov},
  title = {Ultrametric automata and Turing machines},
  booktitle = {Turing-100},
  year = {2012},
  volume = {10},
  series = {EPiC Series},
  publisher = {EasyChair},
  pages = {98-112},
  bibsource = {EasyChair, http://www.easychair.org},
  issn = {2040-557X}
}

@INPROCEEDINGS{KasparsBalodis2013,
  author = {Balodis, Kaspars and Beriņa, Anda and Cīpola, Kristīne and Dimitrijevs, Maksims and Iraids, Jānis and Jēriņš, Kārlis and Kacs, Vladimirs and Kalējs, Jānis and Krišlauks, Rihards and Lukstiņš, Kārlis and Raumanis, Reinholds and Scegulnaja, Irina and Somova, Natālija and Vanaga, Anna and Freivalds, Rūsiņš},
  title = {On the State Complexity of Ultrametric Finite Automata},
  booktitle = {SOFSEM 2013: Theory and Practice of Computer Science},
  year = {2013},
  volume = {2},
  pages = {1-9}
}

